<?xml version="1.0" encoding="UTF-8"?><collection xmlns="http://www.loc.gov/MARC21/slim"><record><leader>00700nam--2200217-i-4500</leader><controlfield tag="001">000009933</controlfield><controlfield tag="002">20161230</controlfield><controlfield tag="005">20161230201028</controlfield><controlfield tag="008">060222s1000------------r-----000-0-fre-d</controlfield><datafield ind1=" " ind2=" " tag="040"><subfield code="a">IFIN-HH</subfield></datafield><datafield ind1=" " ind2=" " tag="041"><subfield code="a">fre</subfield></datafield><datafield ind1=" " ind2=" " tag="080"><subfield code="a">530.145.6:539.L8</subfield></datafield><datafield ind1="1" ind2=" " tag="100"><subfield code="a">Cagnac, Bernard</subfield></datafield><datafield ind1="1" ind2="0" tag="245"><subfield code="a">Physique atomique</subfield><subfield code="b">Introduction a la physique quantique et structure de l'edifice atomique. matrise de physique-c3</subfield><subfield code="c">Bernard cagnac, jean-claude pebay-peyroula</subfield></datafield><datafield ind1=" " ind2=" " tag="260"><subfield code="a">Paris</subfield><subfield code="b">Dunod</subfield><subfield code="c">1971</subfield></datafield><datafield ind1=" " ind2=" " tag="300"><subfield code="a">2 VOLUME</subfield></datafield><datafield ind1=" " ind2=" " tag="490"><subfield code="a">Dunod Universite Maitrise De Physique</subfield></datafield><datafield ind1="1" ind2=" " tag="700"><subfield code="a">Pebay-Peyroula, Jean-Claude</subfield></datafield><datafield ind1="1" ind2=" " tag="787"><subfield code="a">Tome 2</subfield><subfield code="h">/295p./Viii + 548 P</subfield></datafield><datafield ind1=" " ind2=" " tag="852"><subfield code="a">35840</subfield><subfield code="c">539</subfield></datafield><datafield ind1=" " ind2=" " tag="CAT"><subfield code="a">Sys</subfield><subfield code="c">20111006</subfield><subfield code="h">152950</subfield></datafield></record></collection>